@article{fitts1954information,
  title={The information capacity of the human motor system in controlling the amplitude of movement.},
  author={Fitts, Paul M},
  journal={Journal of experimental psychology},
  volume={47},
  number={6},
  pages={381},
  year={1954},
  publisher={American Psychological Association}
}

@article{stuart_crt,
author = { Stuart K. Card  and  William K.   English and Betty J. Burr },
title = {Evaluation of Mouse, Rate-Controlled Isometric Joystick, Step Keys, and Text Keys for Text Selection on a CRT},
journal = {Ergonomics},
volume = {21},
number = {8},
pages = {601-613},
year  = {1978},
publisher = {Taylor & Francis},
doi = {10.1080/00140137808931762},

URL = { 
        https://doi.org/10.1080/00140137808931762
    
},
eprint = { 
        https://doi.org/10.1080/00140137808931762
    
}

}
